@inbook{FondOfPhot,

    publisher = {John Wiley \& Sons, Ltd},
    isbn = {9780471213741},
    title = {Guided-Wave Optics},
    booktitle = {Fundamentals of Photonics},
    chapter = {7},
    pages = {238-271},
    doi = {https://doi.org/10.1002/0471213748.ch7},
    url = {https://onlinelibrary.wiley.com/doi/abs/10.1002/0471213748.ch7},
    eprint = {https://onlinelibrary.wiley.com/doi/pdf/10.1002/0471213748.ch7},
    year = {1991}
}

@article{KogLi,
    author = {H. Kogelnik, T. Li},
    title = {Laser Beams and Resonators},
    journal = {Applied Optics},
    year = {1966},
    volume = {5},
    number = {10},
    pages = "1550 -- 1566"
}

@article{Polibari,
    author = {C. Ciminelli, V.M.N. Passaro, M.N. Armenise, F. Dell'Olio},
    title = {Three-dimensional modelling of scattering loss in \\{InGaAsP/InP} and silica-on-silicon bent waveguides},
    journal = {Journal of the European Optical Society Rapid Publications},
    year = {April 2009},
    volume = {4},
    pages = "1 -- 7"
}

@misc{ioffe,
  title        = {Ioffe Institute semiconductor database},
  note         = {\url{https://www.ioffe.ru/SVA/NSM/Semicond/}}
}

@misc{wmms,
  title        = {Computational Photonics simulator},
  note         = {\url{https://www.computational-photonics.eu/wmms.html}}
}

%Non serve pi√π questo file, puoi toglierlo 